@article{Pastawski2015Holographic,
	author="Pastawski, Fernando
		and Yoshida, Beni
		and Harlow, Daniel
		and Preskill, John",
	title="Holographic {Quantum} {Error-correcting} {Codes}: {Toy} {Models} for the {Bulk}/{Boundary} {Correspondence}",
	journal="Journal of High Energy Physics",
	year="2015",
	month="Jun",
	day="23",
	volume="2015",
	number="6",
	pages="149",
	issn="1029-8479",
	doi="10.1007/JHEP06(2015)149",
	url="http://dx.doi.org/10.1007/JHEP06(2015)149"
}

@article{ghosh2011planar,
  title={{Planar Algebras: A Category Theoretic Point of View}},
  author={Ghosh, Shamindra Kumar},
  journal={Journal of Algebra},
  volume={339},
  number={1},
  pages={27--54},
  year={2011},
  publisher={Elsevier}
}

@Article{Morrison2017Trivalent,
	author="Morrison, Scott
		and Peters, Emily
		and Snyder, Noah",
	title="Categories {G}enerated by a {Trivalent} {Vertex}",
	journal="Selecta Mathematica",
	year="2017",
	month="Apr",
	day="01",
	volume="23",
	number="2",
	pages="817--868",
	issn="1420-9020",
	doi="10.1007/s00029-016-0240-3",
	url="http://dx.doi.org/10.1007/s00029-016-0240-3"
}

@article{abramsky2009temperley,
  title={{Temperley-Lieb Algebra: From Knot Theory to Logic and Computation via Quantum Mechanics}},
  author={Abramsky, Samson},
  journal={arXiv preprint arXiv:0910.2737},
  year={2009}
}

@article{KODIYALAM:OnPlanarAlgebras,
	author = {Kodiyalam, Vijay and Sunder, V. S.},
	title = {On {Jones'} {Planar Algebras}},
	journal = {Journal of Knot Theory and Its Ramifications},
	volume = {13},
	number = {02},
	pages = {219-247},
	year = {2004},
	doi = {10.1142/S021821650400310X},
	
	URL = {http://www.worldscientific.com/doi/abs/10.1142/S021821650400310X},
	eprint = {http://www.worldscientific.com/doi/pdf/10.1142/S021821650400310X}
}

@article{jones2000planarBipartite,
	title={The {Planar Algebra} of a {Bipartite Graph}},
	author={Jones, Vaughan FR},
	journal={Knots in Hellas},
	volume={98},
	number={24},
	pages={94--117},
	year={2000}
}

@article{jones1999planar1,
  title={{Planar Algebras}, {I}},
  author={Jones, Vaughan FR},
  journal={arXiv preprint math/9909027},
  year={1999}
}

@article{Osborne:2017woa,
    Author = {Osborne, Tobias J. and Stiegemann, Deniz E.},
	Title = {Dynamics for {Holographic} {Codes}},
	Year = {2017},
	Eprint = {arXiv:1706.08823},
	journal={arXiv preprint 1706.08823}
}

@article{joyal1991geometry,
  title={The {Geometry} of {Tensor} {Calculus}, {I}},
  author={Joyal, Andr{\'e} and Street, Ross},
  journal={Advances in mathematics},
  volume={88},
  number={1},
  pages={55--112},
  year={1991},
  publisher={Elsevier}
}

@book{simmonsCategories,
	title={An {Introduction} to {Category Theory}},
	author={Simmons, Harold},
	publisher={Cambridge University Press},
	year={2011}
	}
	
@book{etingof2015tensor,
  title={{Tensor Categories}},
  author={Etingof, Pavel I and Gelaki, Shlomo and Nikshych, Dmitri and Ostrik, Victor},
  volume={205},
  year={2015},
  publisher={American Mathematical Society Providence, RI}
}

@misc{raissi2017constructingQECC,
Author = {Zahra Raissi and Christian Gogolin and Arnau Riera and Antonio Ac√≠n},
Title = {{Constructing Optimal Quantum Error Correcting Codes from Absolute Maximally Entangled States}},
Year = {2017},
Eprint = {arXiv:1701.03359},
}

@article{eilenberg1945general,
  title={{General Theory of Natural Equivalences}},
  author={Eilenberg, Samuel and MacLane, Saunders},
  journal={Transactions of the American Mathematical Society},
  volume={58},
  number={2},
  pages={231--294},
  year={1945},
  publisher={JSTOR}
}

@article{goyeneche2015absolutely,
  title={{Absolutely Maximally Entangled States, Combinatorial Designs, and Multiunitary Matrices}},
  author={Goyeneche, Dardo and Alsina, Daniel and Latorre, Jos{\'e} I and Riera, Arnau and {\.Z}yczkowski, Karol},
  journal={Physical Review A},
  volume={92},
  number={3},
  pages={032316},
  year={2015},
  publisher={APS}
}

@book{cooper2011mathematical,
  title={{Mathematical Mechanics: From Particle to Muscle}},
  author={Cooper, Ellis D},
  volume={77},
  year={2011},
  publisher={World Scientific}
}

@article{TN_orus,
Author = {Roman Orus},
Title = {{A Practical Introduction to Tensor Networks: Matrix Product States and Projected Entangled Pair States}},
Eprint = {arXiv:1306.2164},
Howpublished = {Annals of Physics 349 (2014) 117-158},
Doi = {10.1016/j.aop.2014.06.013},
Year = {2013}
}

@misc{TN_biamonte,
Author = {Jacob Biamonte and Ville Bergholm},
Title = {{Tensor Networks in a Nutshell}},
Year = {2017},
journal = {arXiv:1708.00006}
}

@article{maclane1998categories,
  title={{Categories for the Working Mathematician (Graduate Texts in Mathematics)}},
  author={Lane, Saunders M},
  year={1998},
  publisher={Springer}
}

@book{lee1997riemannian,
  title={{Riemannian Manifolds: An Introduction to Curvature}},
  author={Lee, John M},
  volume={176},
  year={1997},
  publisher={Springer Science \& Business Media}
}

@book{loday2012algebraic,
  title={{Algebraic Operads}},
  author={Loday, Jean-Louis and Vallette, Bruno},
  volume={346},
  year={2012},
  publisher={Springer Science \& Business Media}
}

@book{aluffi2009algebra,
  title={{Algebra: Chapter 0}},
  author={Aluffi, Paolo},
  volume={104},
  year={2009},
  publisher={American Mathematical Soc.}
}

@article{peters2010planar,
  title={{A Planar Algebra Construction of the Haagerup Subfactor}},
  author={Peters, Emily},
  journal={International Journal of Mathematics},
  volume={21},
  number={08},
  pages={987--1045},
  year={2010},
  publisher={World Scientific}
}

@book{wang2010topological,
  title={{Topological Quantum Computation}},
  author={Wang, Zhenghan},
  number={112},
  year={2010},
  publisher={American Mathematical Soc.}
}


@article{oberwolfach,
  title={{Subfactors and Conformal Field Theory}},
  author={Bisch, Dietmar and Gannon, Terry J and Jones, Vaughan FR and Kawahigashi, Yasuyuki},
  journal={Oberwolfach Reports},
  volume={12},
  number={2},
  pages={849--926},
  year={2015}
}

@inproceedings{temperley1971relations,
  title={{Relations Between the 'Percolation' and 'Colouring' Problem and other Graph-Theoretical Problems Associated with Regular Planar Lattices: Some Exact Results for the 'Percolation' Problem}} ,
  author={Temperley, Harold NV and Lieb, Elliott H},
  booktitle={Proceedings of the Royal Society of London A: Mathematical, Physical and Engineering Sciences},
  volume={322},
  number={1549},
  pages={251--280},
  year={1971},
  organization={The Royal Society}
}

@article{kauffman1987state,
  title={{State Models and the Jones Polynomial}},
  author={Kauffman, Louis H},
  journal={Topology},
  volume={26},
  number={3},
  pages={395--407},
  year={1987},
  publisher={Elsevier}
}

@incollection{selinger2010survey,
  title={{A Survey of Graphical Languages for Monoidal Categories}},
  author={Selinger, Peter},
  booktitle={New structures for physics},
  pages={289--355},
  year={2010},
  publisher={Springer}
}

@inproceedings{maldacena1999large,
  title={{The Large N Limit of Superconformal Field Theories and Supergravity}},
  author={Maldacena, Juan},
  booktitle={AIP Conference Proceedings CONF-981170},
  volume={484},
  number={1},
  pages={51--63},
  year={1999},
  organization={AIP}
}

@article{ryu2006holographic,
  title={{Holographic Derivation of Entanglement Entropy from the Anti--de Sitter Space/Conformal Field Theory Correspondence}},
  author={Ryu, Shinsei and Takayanagi, Tadashi},
  journal={Physical review letters},
  volume={96},
  number={18},
  pages={181602},
  year={2006},
  publisher={APS}
}

@article{almheiri2015bulk,
  title={{Bulk Locality and Quantum Error Correction in AdS/CFT}},
  author={Almheiri, Ahmed and Dong, Xi and Harlow, Daniel},
  journal={Journal of High Energy Physics},
  volume={2015},
  number={4},
  pages={163},
  year={2015},
  publisher={Springer}
}

@misc{berger2017PerfectPlanarTangles,
Author = {Johannes Berger},
Title = {{On Perfect Planar Tangles}},
Year = {2017},
journal = {arXiv}
}

@inproceedings{ccorbaci2016construction,
  title={Construction of two qutrit entanglement by using magnetic resonance selective pulse sequences},
  author={{\c{C}}orbaci, Sevcan and Karaka{\c{s}}, Mikail Do{\u{g}}u{\c{s}} and Gen{\c{c}}ten, Azmi},
  booktitle={Journal of Physics: Conference Series},
  volume={766},
  number={1},
  pages={012014},
  year={2016},
  organization={IOP Publishing}
}